<?xml version="1.0" encoding="UTF-8"?><record xmlns="http://www.loc.gov/MARC21/slim" xmlns:cinclude="http://apache.org/cocoon/include/1.0" xmlns:zs="http://www.loc.gov/zing/srw/">
  <leader>00396cz  a2200121n  4500</leader>
  <controlfield tag="001">n  78080170 </controlfield>
  <controlfield tag="003">DLC</controlfield>
  <controlfield tag="005">19871208143500.3</controlfield>
  <controlfield tag="008">781031n| acannaab|          |n aaa |||  </controlfield>
  <datafield tag="010" ind1=" " ind2=" ">
    <subfield code="a">n  78080170 </subfield>
  </datafield>
  <datafield tag="040" ind1=" " ind2=" ">
    <subfield code="a">DLC</subfield>
    <subfield code="c">DLC</subfield>
    <subfield code="d">DLC</subfield>
  </datafield>
  <datafield tag="100" ind1="1" ind2="0">
    <subfield code="a">Fox, Marcia R.</subfield>
  </datafield>
  <datafield tag="670" ind1=" " ind2=" ">
    <subfield code="a">Her Put your degree ... c1979:</subfield>
    <subfield code="b">t.p. (Marcia R. Fox, Ph.D.) publisher's info. (assist. dean, New York Univ., Graduate Sch. of Public Admin.)</subfield>
  </datafield>
</record>